<?xml version="1.0" encoding="UTF-8"?><collection xmlns="http://www.loc.gov/MARC21/slim"><record><leader>00528nam--2200181-i-4500</leader><controlfield tag="001">000040269</controlfield><controlfield tag="002">20161230</controlfield><controlfield tag="005">20161230201042</controlfield><controlfield tag="008">060222s1000------------r-----000-0-rum-d</controlfield><datafield ind1=" " ind2=" " tag="040"><subfield code="a">IFIN-HH</subfield></datafield><datafield ind1=" " ind2=" " tag="041"><subfield code="a">rum</subfield></datafield><datafield ind1=" " ind2=" " tag="080"><subfield code="a">539.143(043)</subfield></datafield><datafield ind1="1" ind2=" " tag="100"><subfield code="a">Sandulescu,Nicolae</subfield></datafield><datafield ind1="1" ind2="0" tag="245"><subfield code="a">Contributii la descrierea unificata a proprietatilor spectroscopice ale nucleelor sferice si deformate</subfield><subfield code="b">Teza</subfield><subfield code="c">Nicolae sandulescu</subfield></datafield><datafield ind1=" " ind2=" " tag="260"><subfield code="a">Bucuresti</subfield><subfield code="b">Ifa</subfield><subfield code="c">1991</subfield></datafield><datafield ind1=" " ind2=" " tag="300"><subfield code="a">83 P</subfield></datafield><datafield ind1=" " ind2=" " tag="852"><subfield code="a">79508</subfield><subfield code="c">539.14</subfield></datafield><datafield ind1=" " ind2=" " tag="CAT"><subfield code="a">Sys</subfield><subfield code="c">20120406</subfield><subfield code="h">132717</subfield></datafield></record></collection>